<record xmlns="http://www.loc.gov/MARC21/slim" xmlns:xsi="http://www.w3.org/2001/XMLSchema-instance" xsi:schemaLocation="http://www.loc.gov/MARC21/slim http://www.loc.gov/standards/marcxml/schema/MARC21slim.xsd"><leader>     nam a22        4500</leader><controlfield tag="001">1930345</controlfield><controlfield tag="003">NIC</controlfield><controlfield tag="006">m        d        </controlfield><controlfield tag="007">cr cn |||m|||a</controlfield><controlfield tag="008">150323s1945    ua c    o     000 0carard</controlfield><datafield ind1=" " ind2=" " tag="040"><subfield code="a">NNU</subfield><subfield code="b">eng</subfield><subfield code="e">rda</subfield><subfield code="c">NNU</subfield></datafield><datafield ind1=" " ind2=" " tag="043"><subfield code="a">f-ua---</subfield></datafield><datafield ind1=" " ind2="4" tag="050"><subfield code="a">BP173.7</subfield><subfield code="b">.Z195s</subfield></datafield><datafield ind1="1" ind2=" " tag="100"><subfield code="6">880-01</subfield><subfield code="a">Z&#803;awa&#772;hiri&#772;, Fakhr al-Di&#772;n al-Ah&#803;madi&#772;. </subfield></datafield><datafield ind1="1" ind2="3" tag="245"><subfield code="6">880-02</subfield><subfield code="a">al-Siya&#772;sah wa-al-Azhar /</subfield><subfield code="c">min mudhakkira&#772;t Shaykh al-Isla&#772;m al-Z&#803;awa&#772;hiri&#772;.</subfield></datafield><datafield ind1=" " ind2=" " tag="260"><subfield code="6">880-03</subfield><subfield code="a">[Cairo] :</subfield><subfield code="b">Mat&#803;ba&#699;at al-I&#699;tima&#772;d,</subfield><subfield code="c">1364, 1945.</subfield></datafield><datafield ind1=" " ind2=" " tag="300"><subfield code="a">online resource (363 pages) :</subfield><subfield code="b">portraits</subfield></datafield><datafield ind1=" " ind2=" " tag="336"><subfield code="a">text</subfield><subfield code="2">rdacontent</subfield></datafield><datafield ind1=" " ind2=" " tag="337"><subfield code="a">computer</subfield><subfield code="2">rdamedia</subfield></datafield><datafield ind1=" " ind2=" " tag="338"><subfield code="a">online resource</subfield><subfield code="2">rdacarrier</subfield></datafield><datafield ind1=" " ind2=" " tag="500"><subfield code="a">Part of the Arabic Collections Online (ACO) project, contributed by Cornell University Libraries.</subfield></datafield><datafield ind1=" " ind2=" " tag="533"><subfield code="a">Electronic reproduction.</subfield><subfield code="b">New York, N.Y. :</subfield><subfield code="c">New York University,</subfield><subfield code="d">2015.</subfield><subfield code="5">NNU</subfield></datafield><datafield ind1="2" ind2="0" tag="610"><subfield code="6">880-04</subfield><subfield code="a">Ja&#772;mi&#699;at al-Azhar.</subfield></datafield><datafield ind1=" " ind2="0" tag="650"><subfield code="a">Islam and politics.</subfield></datafield><datafield ind1="2" ind2="7" tag="610"><subfield code="a">Ja&#772;mi&#699;at al-Azhar.</subfield><subfield code="2">fast</subfield><subfield code="0">(OCoLC)fst00560050</subfield></datafield><datafield ind1=" " ind2="7" tag="650"><subfield code="a">Islam and politics.</subfield><subfield code="2">fast</subfield><subfield code="0">(OCoLC)fst00979879</subfield></datafield><datafield ind1="2" ind2=" " tag="710"><subfield code="a">Cornell University.</subfield><subfield code="b">Libraries.</subfield></datafield><datafield ind1="0" ind2=" " tag="730"><subfield code="a">Arabic Collections Online.</subfield></datafield><datafield ind1="0" ind2="8" tag="776"><subfield code="i">Online version:</subfield><subfield code="a">al-Zawa&#772;hiri&#772;, Fakhr al-Di&#772;n al-Ah&#803;madi&#772;.</subfield><subfield code="t">Siya&#772;sah wa-al-Azhar.</subfield><subfield code="d">[Cairo] : Mat&#803;ba&#699;at al-I&#699;tima&#772;d, 1364, 1945</subfield><subfield code="w">(OCoLC)645398911</subfield></datafield><datafield ind1="0" ind2="8" tag="776"><subfield code="i">Print version:</subfield><subfield code="a">Z&#803;awa&#772;hiri&#772;, Fakhr al-Di&#772;n al-Ah&#803;madi&#772;.</subfield><subfield code="t">al-Siya&#772;sah wa-al-Azhar</subfield><subfield code="w">(NIC)1930345</subfield><subfield code="w">(DLC)   60032305 </subfield><subfield code="w">(OCoLC)4325142</subfield></datafield><datafield ind1="4" ind2="0" tag="856"><subfield code="u">http://hdl.handle.net/2333.1/prr4xk9c</subfield></datafield><datafield ind1="1" ind2=" " tag="880"><subfield code="6">100-01/r</subfield><subfield code="a">&#1586;&#1608;&#1575;&#1607;&#1585;&#1610;&#1548; &#1601;&#1582;&#1585; &#1575;&#1604;&#1583;&#1610;&#1606; &#1575;&#1604;&#1575;&#1581;&#1605;&#1583;&#1610;.</subfield></datafield><datafield ind1="1" ind2="2" tag="880"><subfield code="6">245-02/r</subfield><subfield code="a">&#8207;&#1575;&#1604;&#1587;&#1610;&#1575;&#1587;&#1577; &#1608; &#1575;&#1604;&#1571;&#1586;&#1607;&#1585; :&#8207;</subfield><subfield code="b">&#8207;&#8207;&#1605;&#1606; &#1605;&#1584;&#1603;&#1585;&#1575;&#1578; &#1588;&#1610;&#1582; &#1575;&#1604;&#1573;&#1587;&#1604;&#1575;&#1605; &#1575;&#1604;&#1592;&#1608;&#1575;&#1607;&#1585;&#1610; /&#8207;</subfield><subfield code="c">&#8207;&#1576;&#1602;&#1604;&#1605; &#1601;&#1582;&#1585; &#1575;&#1604;&#1583;&#1610;&#1606; &#1575;&#1604;&#1571;&#1581;&#1605;&#1583;&#1610; &#1575;&#1604;&#1592;&#1608;&#1575;&#1607;&#1585;&#1610;.</subfield></datafield><datafield ind1=" " ind2=" " tag="880"><subfield code="6">260-03/r</subfield><subfield code="a">&#8207;[&#1575;&#1604;&#1602;&#1575;&#1607;&#1585;&#1577;] :&#8207;</subfield><subfield code="b">&#8207;&#1605;&#1591;&#1576;&#1593;&#1577; &#1575;&#1604;&#1573;&#1593;&#1578;&#1605;&#1575;&#1583;&#1548;&#8207;</subfield><subfield code="c">&#8207;1364 [1945].</subfield></datafield><datafield ind1="2" ind2="0" tag="880"><subfield code="6">610-04/r</subfield><subfield code="a">&#1580;&#1575;&#1605;&#1593;&#1577; &#1575;&#1604;&#1575;&#1586;&#1607;&#1585;.</subfield></datafield><datafield ind1=" " ind2=" " tag="959"><subfield code="a">NNU</subfield><subfield code="b">WEB</subfield><subfield code="c">GENI</subfield><subfield code="t">0</subfield><subfield code="m">Electronic access</subfield><subfield code="s">01</subfield></datafield><datafield ind1=" " ind2=" " tag="999"><subfield code="i">NIC_1930345</subfield><subfield code="o">(OCoLC)ocm04325142</subfield><subfield code="s">cornell_aco000308</subfield><subfield code="e">(ERROR-880)</subfield><subfield code="s">cornell_aco000308</subfield></datafield></record>